@online{scikit-learn/Cross-validation,
    author = "scikit-learn developers (BSD License)",
    title = "3.1. Cross-validation: evaluating estimator performance",
    url  = "https://scikit-learn.org/stable/modules/cross_validation.html"
}

@article{cendrowska1987prism,
  title={PRISM: An algorithm for inducing modular rules},
  author={Cendrowska, Jadzia},
  journal={International Journal of Man-Machine Studies},
  volume={27},
  number={4},
  pages={349--370},
  year={1987},
  publisher={Elsevier}
}