@online{UCI,
    title = "UCI Machine Learning Repository",
    url  = "https://archive.ics.uci.edu/ml/index.php"
}

@article{cendrowska1987prism,
  title={PRISM: An algorithm for inducing modular rules},
  author={Cendrowska, Jadzia},
  journal={International Journal of Man-Machine Studies},
  volume={27},
  number={4},
  pages={349--370},
  year={1987},
  publisher={Elsevier}
}

@online{CarDatasetUCI,
    title = "Car Evaluation Data Set",
    url  = "https://archive.ics.uci.edu/ml/datasets/car+evaluation"
}
@online{KPvsKRDatasetUCI,
    title = "Chess (King-Rook vs. King-Pawn) Data Set",
    url  = "https://archive.ics.uci.edu/ml/datasets/Chess+(King-Rook+vs.+King-Pawn)"
}
@online{IrisDatasetUCI,
    title = "Iris Data Set",
    url  = "https://archive.ics.uci.edu/ml/datasets/iris"
}